% Bibliografía da revista.
% :FACER: merece a pena ser tiquismiquis co formato desto? Usar bibtool?

@Misc{entrada1,
  Title  = {Apuntes de algo},
  Author = {Unha persoa},
  Year   = 2016,
  DOI    = {10.1000/1000-0000/AAAAAA}
}

@Article{caratheodory.c_1909,
  Title         = {Untersuchungen über die Grundlagen der Thermodynamik},
  Volume        = 67,
  ISSN          = {0025-5831, 1432-1807},
  DOI           = {10.1007/BF01450409},
  Number        = 3,
  Journal       = {Mathematische Annalen},
  Author        = {Carathéodory, C.},
  Year          = 1909,
  Month         = sep,
  Pages         = {355–386},
  Language      = {de}
}

@Article{planck.m_1926,
  Author        = {Max Planck},
  Title         = {Über die begrundung des zweiten hauptsatzes der thermodynamik},
  Year          = 1926,
  Journal       = {S.B. Akad. Wiss. 53},
  Pages         = {453--463}
}

@Article{berenguer.raa_2014,
  Author        = {Rafael Andrés Alemañ Berenguer},
  Title         = {Alcance y limitaciones en la axiomatización termodinámica de Carathéodory},
  Year          = 2014,
  Pages         = {429--437},
  Journal       = {Latin American Journal of Physics},
  Volume        = 8
}

@Article{a.lp.berberan-santos.mn_1999,
  Title         = {Constantin Carathéodory and the Axiomatic Thermodynamics},
  Author        = {Lionello Pogliani a and Mario N. Berberan-Santos},
  Journal       = {Journal of Mathematical Chemistry},
  Year          = 1999,
  Volume        = 28,
  Pages         = {313--324}
}

@Book{callen.hb_1960,
  Title         = {Thermodynamics},
  Author        = {Callen, H.B.},
  Year          = 1960
}

@Book{dreyer.jle_1906,
  Title         = {History of the planetary systems from Thales to Kepler},
  Author        = {Dreyer, John Louis Emil},
  Year          = 1906,
  Publisher     = {University Press}
}

@Book{boyer.cb.merzbach.uc_2011,
  Title         = {A history of mathematics},
  Author        = {Boyer, Carl B and Merzbach, Uta C},
  Year          = 2011,
  Publisher     = {John Wiley \& Sons}
}

@Book{dawidoff.n_2011,
  Title         = {The catcher was a spy: The mysterious life of Moe Berg},
  Author        = {Dawidoff, Nicholas},
  Year          = 2011,
  Publisher     = {Vintage}
}

@Misc{gottstein.k_2016,
  Author        = {Klaus Gottstein},
  Year          = 2016,
  Month         = {September 9},
  Title         = {Werner Heisenberg and the German Uranium Project 1939 - 1945. Myths and Facts},
  Volume        = 2025,
  Number        = {Apr 13},
  URL           = {http://arxiv.org/abs/1609.02775}
}
% %%%%%%%%%%%%%%%%%%%%%%%%%%%%%%%%%%%%%%%%%%%%%%%%%%%%%%%%%%%%%%%%%%%%%%%%%%


@Book{oliver-berry.dmagmmvs_2019,
  Author        = {Oliver Berry and  Mark A. Garlick and  Mar Mackezie and  Valerie Stimac.},
  Title         = {El Universo: Guía de Viaje},
  Publisher     = {lonely planet},
  Year          = 2019
}

@Book{sagan.c_2014,
  Author        = {Carl Sagan},
  Title         = {Cosmos},
  Year          = 2014,
  Publisher     = {Editorial Planeta}
}



@Misc{photojournal_jpl_voyager_1,
  Author        = {NASA JPL},
  Title         = {Voyager 1 – Spacecraft Images – NASA Photojournal},
  Note          = {Accessed: 2025-04-28}
}

@Misc{science_nasa_mission_voyager_timeline,
  Author        = {NASA Science},
  Title         = {Voyager Mission Timeline},
  Note          = {Accessed: 2025-04-28}
}

@Misc{nasa_nssdc_gsfc,
  Author        = {NASA NSSDC},
  Title         = {Voyager 1 Spacecraft Display},
  Note          = {Accessed: 2025-04-28}
}



%%%%%%%%%%%%%%%%%%%%%%%%%%%%%%%%%%%%%%%%%%%%%%%%%%%%%%%%%%%%%%%%%

@Article{deutsch.m_1994,
  Author        = {Deutsch, D. e Lockwood, M.},
  Year          = 1994,
  Title         = {The Quantum Physics of Time Travel},
  Journal       = {Scientific American},
  Number        = 273,
  Pages         = {68--74},
  DOI           = {https://doi.org/10.1038/scientificamerican0394-68}
}

@Misc{donnie_darko,
  Title         = {Donnie Darko: The Director’s Cut},
  Year          = 2004,
  Publisher     = {Newmarket Films}
}

@Misc{gribbin.j_2020,
  Title         = {The Many-Worlds Theory, Explained},
  Author        = {Gribbin, J.},
  Year          = 2020,
  URL           = {https://thereader.mitpress.mit.edu/the-many-worlds-theory/}
}

@Misc{nunez.r_2021,
  Author        = {Núñez, R},
  Year          = 2021,
  Title         = {Paradojas temporales en relatividad especial},
  Publisher     = {Instituto de Filosofía y Ciencias de la Complejidad},
  URL           = {https://www.ificc.cl/extension/seminarios-de-filosofia-de-la-ciencia/paradojas-temporales-en-relatividad-especial/}
}

@Misc{wisecrack_2019,
  Author        = {Wisecrack},
  Year          = 2019,
  Title         = {DONNIE DARKO: Is It Deep or Dumb? – Wisecrack Edition},
  URL           = {https://www.youtube.com/watch?v=xksMpeMHbTE}
}

@Book{blundell.s_2001,
  Author        = {Blundell, Stephen},
  Title         = {Magnetism in Condensed Matter},
  Publisher     = {Oxford University Press},
  Year          = 2001
}

@Conference{van-vleck.jh_1977,
  Author        = {Van Vleck, John H.},
  BookTitle     = {Nobel Lectures, Physics 1971-1980},
  Title         = {Quantum Mechanics. The Key to Understanding Magnetism},
  Year          = 1977,
  URL           = {https://www.nobelprize.org/uploads/2018/06/vleck-lecture.pdf}
}

% :FACER: puxenme vago, non me apetece usar bibtool e cambiar os nomes de todas
% as referencias, aquí e no artigo de martin
@article{Peterson2021,
  author  = {Peterson, Christian and Schwalm, William},
  title   = {Euler’s Rigid Rotators, Jacobi Elliptic Functions, and the Dzhanibekov Effect},
  journal = {American Journal of Physics},
  year    = {2021},
  volume  = {89},
  number  = {4},
  pages   = {349--357},
  doi     = {10.1119/10.0003049}
}

@mastersthesis{Ono2022,
  author = {Takeyuki Ono},
  title  = {A Comprehensive Study of the Dzhanibekov and Tennis Racket Phenomena},
  school = {University of California, San Diego},
  year   = {2022},
  url    = {https://escholarship.org/uc/item/5vc9b9jp}
}

@article{Trivailo2017,
  author  = {P.M. Trivailo and H. Kojima},
  title   = {Utilisation of the Dzhanibekov’s Effect for the Possible Future Space Missions},
  journal = {ResearchGate},
  year    = {2017},
  url     = {https://www.researchgate.net/publication/322071133_Utilisation_of_the_Dzhanibekov%27s_Effect_for_the_Possible_Future_Space_Missions}
}

@book{RouthDynamics,
  author    = {Edward John Routh},
  title     = {The Advanced Part of A Treatise on the Dynamics of a System of Rigid Bodies},
  publisher = {Macmillan and Co.},
  year      = {1892},
  url       = {https://archive.org/details/advancedpartoftr00routrich}
}

@article{VanDamme2017,
  author  = {L. Van Damme and P. Mardešić and D. Sugny},
  title   = {The tennis racket effect: A mathematical description},
  journal = {Physica D: Nonlinear Phenomena},
  volume  = {338},
  pages   = {17--27},
  year    = {2017},
  issn    = {0167-2789},
  doi     = {10.1016/j.physd.2016.06.003}
}

@misc{WikipediaTennisRacket,
  title = {Tennis Racket Theorem},
  year  = {2024},
  url   = {https://en.wikipedia.org/wiki/Tennis_racket_theorem},
  note  = {Accessed: 21 April 2025}
}

@misc{WikipediaDzhanibekov,
  title = {Vladimir Dzhanibekov},
  year  = {2024},
  url   = {https://en.wikipedia.org/wiki/Vladimir_Dzhanibekov},
  note  = {Accessed: 21 April 2025}
}

@article{Kantor2023,
  author  = {E. M. Kantor and M. E. Gusakov},
  title   = {The Dzhanibekov Effect as a Possible Source of Magnetar Activity},
  journal = {Monthly Notices of the Royal Astronomical Society},
  volume  = {522},
  number  = {4},
  pages   = {5146--5154},
  year    = {2023},
  doi     = {10.1093/mnras/stad1308}
}

@Article{schrodinger.e_1926,
  Author        = {Schrödinger, E.},
  Title         = {An Undulatory Theory of the Mechanics of Atoms and Molecules},
  Year          = 1926,
  Journal       = {The Physical Review}
}

@Article{schrodinger.e_1926_2,
  Author        = {Schrödinger, E.},
  Title         = {Quantisation as a Problem of Proper Values (Part II)},
  Journal       = {Annalen der Physik},
  Volume        = 79,
  Year          = 1926
}

@Article{bahramhouchmandzadeh_2020,
  Author        = {Bahram Houchmandzadeh},
  Title         = {The Hamilton-Jacobi Equation: an intuitive approach},
  Journal       = {American Journal of Physics},
  Year          = 2020,
  Number        = 88,
  Pages         = {353--359}
}

@Misc{apuntes_optica_2,
  Author        = {Jesús Liñares Beiras},
  Title         = {Apuntes de Óptica II}
}

@Misc{hamilton_optico_mechanical,
  Title         = {Hamilton's optico-mechanical analogy},
  URL           = {https://en.wikipedia.org/wiki/Hamilton's_optico-mechanical_analogy}
}

@Misc{hamilton_jacobi_equation,
  Title         = {Hamilton–Jacobi equation},
  URL           = {https://en.wikipedia.org/wiki/Hamilton's_optico-mechanical_analogy}
}

@Book{gribbin2004historia,
  Title         = {Historia de la ciencia, 1543-2001},
  Author        = {Gribbin, J.},
  ISBN          = 9788484326076,
  Series        = {SERIE MAYOR II},
  Year          = 2004,
  Publisher     = {Cr{\'\i}tica}
}

@Book{alberto2021materiaescura,
  Title         = {La materia oscura},
  Author        = {Casas González, A.},
  Series        = {Un paseo por el Cosmos},
  Year          = 2021,
  Publisher     = {RBA}
}

@Book{krauss5esencia,
  Title         = {La Quinta esencia: la búsqueda de la materia oscura en el universo},
  Author        = {Krauss, Lawrence M.},
  Year          = 1992,
  Publisher     = {Madrid: Alianza}
}

@Misc{hubbleNASA,
  Title         = {ESA/Hubble-NASA.},
}

@Misc{hubbleNASA2,
  Title         = {X-ray: NASA/CXC/M.Markevitch et al. Optical: NASA/STScI; Magellan/U.Arizona/D.Clowe et al. Lensing Map: NASA/STScI; ESO WFI; Magellan/U.Arizona/D.Clowe et al},
}

@article{Demaine_2013,
   title={Picture-Hanging Puzzles},
   volume={54},
   url={https://arxiv.org/abs/1203.3602},
   number={4},
   journal={Theory of Computing Systems},
   publisher={Springer Science and Business Media LLC},
   author={Demaine, Erik D. and Demaine, Martin L. and Minsky, Yair N. and Mitchell, Joseph S. B. and Rivest, Ronald L. and Pǎtraşcu, Mihai},
   year={2013},
   month=sep, pages={531–550}
}

@article{Merino_2015,
doi = {10.1088/1742-6596/607/1/012001},
url = {https://dx.doi.org/10.1088/1742-6596/607/1/012001},
year = {2015},
month = {apr},
publisher = {IOP Publishing},
volume = {607},
number = {1},
pages = {012001},
author = {Merino, C.},
title = {Tribute to Alexei Borisovich Kaidalov},
journal = {Journal of Physics: Conference Series},
abstract = {The author wrote these lines to recollect some personal memories of Alexei Borisovich Kaidalov and of the collaboration the author carried out with him under his guidance for almost 20 years. By doing so the author has once again confirmed the realization of the deep influence that Alexei Borisovich and his contribution to physics had and still has in the spirit of the author, and in the formation of several generations of physicists, both from Russia and from abroad.}
}